<?xml version="1.0" encoding="UTF-8"?><collection xmlns="http://www.loc.gov/MARC21/slim"><record><leader>00515nam--2200193-i-4500</leader><controlfield tag="001">000019139</controlfield><controlfield tag="002">20161230</controlfield><controlfield tag="005">20161230201033</controlfield><controlfield tag="008">060222s1000------------r-----000-0-rus-d</controlfield><datafield ind1=" " ind2=" " tag="040"><subfield code="a">IFIN-HH</subfield></datafield><datafield ind1=" " ind2=" " tag="041"><subfield code="a">rus</subfield></datafield><datafield ind1=" " ind2=" " tag="080"><subfield code="a">539.12.04:615.7</subfield></datafield><datafield ind1="1" ind2=" " tag="100"><subfield code="a">Mozjuhin, A.S</subfield></datafield><datafield ind1="1" ind2="0" tag="245"><subfield code="a">Himiceskaia profilaktika radiationnih porajenii</subfield><subfield code="c">A.s. mozjuhin, f.yu. racinskii</subfield></datafield><datafield ind1=" " ind2=" " tag="260"><subfield code="a">Moskva</subfield><subfield code="b">Atomizdat</subfield><subfield code="c">1979</subfield></datafield><datafield ind1=" " ind2=" " tag="300"><subfield code="a">189P</subfield></datafield><datafield ind1="1" ind2=" " tag="700"><subfield code="a">Racinskii, F.Yu</subfield></datafield><datafield ind1=" " ind2=" " tag="852"><subfield code="a">47858</subfield><subfield code="c">539.12.04</subfield></datafield><datafield ind1=" " ind2=" " tag="CAT"><subfield code="a">Sys</subfield><subfield code="c">20120210</subfield><subfield code="h">091549</subfield></datafield></record></collection>